<?xml version="1.0" encoding="UTF-8"?>
<record>
  <leader>04149nam a2200529 i 4500</leader>
  <controlfield tag="001">99371910920106441</controlfield>
  <controlfield tag="005">20170630112730.0</controlfield>
  <controlfield tag="006">m    eo  d        </controlfield>
  <controlfield tag="007">cr bn |||m|||a</controlfield>
  <controlfield tag="008">170631s2018    pau    fob    001 0 eng d</controlfield>
  <datafield tag="020" ind1=" " ind2=" ">
    <subfield code="z">9781522526070</subfield>
    <subfield code="q">hardcover</subfield>
  </datafield>
  <datafield tag="020" ind1=" " ind2=" ">
    <subfield code="a">9781522526087</subfield>
    <subfield code="q">ebook</subfield>
  </datafield>
  <datafield tag="024" ind1="7" ind2=" ">
    <subfield code="a">10.4018/978-1-5225-2607-0</subfield>
    <subfield code="2">doi</subfield>
  </datafield>
  <datafield tag="035" ind1=" " ind2=" ">
    <subfield code="a">(CKB)3820000000032048</subfield>
  </datafield>
  <datafield tag="035" ind1=" " ind2=" ">
    <subfield code="a">(MiAaPQ)EBC4886631</subfield>
  </datafield>
  <datafield tag="035" ind1=" " ind2=" ">
    <subfield code="a">(CaBNVSL)slc19494572</subfield>
  </datafield>
  <datafield tag="035" ind1=" " ind2=" ">
    <subfield code="a">(DNLM)101700457</subfield>
  </datafield>
  <datafield tag="035" ind1=" " ind2=" ">
    <subfield code="a">(OCoLC)993181645</subfield>
  </datafield>
  <datafield tag="035" ind1=" " ind2=" ">
    <subfield code="a">(IGIG)00177903</subfield>
  </datafield>
  <datafield tag="035" ind1=" " ind2=" ">
    <subfield code="a">(EXLCZ)993820000000032048</subfield>
  </datafield>
  <datafield tag="040" ind1=" " ind2=" ">
    <subfield code="a">CaBNVSL</subfield>
    <subfield code="b">eng</subfield>
    <subfield code="e">rda</subfield>
    <subfield code="c">CaBNVSL</subfield>
    <subfield code="d">CaBNVSL</subfield>
  </datafield>
  <datafield tag="050" ind1=" " ind2="4">
    <subfield code="a">QH324.2</subfield>
    <subfield code="b">. 2018e</subfield>
  </datafield>
  <datafield tag="060" ind1="1" ind2="0">
    <subfield code="a">W 26.55.I4</subfield>
  </datafield>
  <datafield tag="082" ind1="0" ind2="4">
    <subfield code="a">570.285</subfield>
    <subfield code="2">23</subfield>
  </datafield>
  <datafield tag="100" ind1="1" ind2=" ">
    <subfield code="a">Lytras, Miltiadis D.,</subfield>
    <subfield code="e">author.</subfield>
  </datafield>
  <datafield tag="245" ind1="0" ind2="0">
    <subfield code="a">Applying big data analytics in bioinformatics and medicine /</subfield>
    <subfield code="c">Miltiadis D. Lytras and Paraskevi Papadopoulou, editors.</subfield>
  </datafield>
  <datafield tag="264" ind1=" " ind2="1">
    <subfield code="a">Hershey, Pennsylvania :</subfield>
    <subfield code="b">IGI Global,</subfield>
    <subfield code="c">2018.</subfield>
  </datafield>
  <datafield tag="264" ind1=" " ind2="4">
    <subfield code="c">©2018</subfield>
  </datafield>
  <datafield tag="300" ind1=" " ind2=" ">
    <subfield code="a">22 PDFs (xxvi, 465 pages)</subfield>
  </datafield>
  <datafield tag="336" ind1=" " ind2=" ">
    <subfield code="a">text</subfield>
    <subfield code="2">rdacontent</subfield>
  </datafield>
  <datafield tag="337" ind1=" " ind2=" ">
    <subfield code="a">computer</subfield>
    <subfield code="2">rdamedia</subfield>
  </datafield>
  <datafield tag="338" ind1=" " ind2=" ">
    <subfield code="a">online resource</subfield>
    <subfield code="2">rdacarrier</subfield>
  </datafield>
  <datafield tag="490" ind1="1" ind2=" ">
    <subfield code="a">Advances in Bioinformatics and Biomedical Engineering (ABBE) Book Series,</subfield>
    <subfield code="x">2327-7041</subfield>
  </datafield>
  <datafield tag="588" ind1=" " ind2=" ">
    <subfield code="a">Description based on print version record.</subfield>
  </datafield>
  <datafield tag="504" ind1=" " ind2=" ">
    <subfield code="a">Includes bibliographical references and index.</subfield>
  </datafield>
  <datafield tag="505" ind1="0" ind2=" ">
    <subfield code="a">Section 1. Introduction to bioinformatics in medicine and medical systems. Chapter 1. Bioinformatics as applied to medicine : challenges faced moving from big data to smart data to wise data ; Chapter 2. Bioinformatics : applications and implications ; Chapter 3. Protein structure prediction ; Chapter 4. Proteomics in personalized medicine : an evolution not a revolution ; Chapter 5. The much needed security and data reforms of cloud computing in medical data storage -- Section 2. Bioinformatics in the fields of genomics and proteomics as applied to medicine, health issues, and medical systems. Chapter 6. Informatics and data analytics to support exposome-based discovery : part 1, assessment of external and internal exposure ; Chapter 7. Informatics and data analytics to support exposome-based discovery : part 2, computational exposure biology ; Chapter 8. Transcriptomics to metabolomics : a network perspective for big data ; Chapter 9. Protein docking and drug design -- Section 3. Big data analytics for medical and health informatics. Chapter 10. Effective and efficient business intelligence dashboard design : gestalt theory in Dutch long-term and chronic healthcare ; Chapter 11. Role of online data from search engine and social media in healthcare informatics ; Chapter 12. An optimized semi-supervised learning approach for high dimensional medical datasets ; Chapter 13. Predicting patterns with hospital admission data ; Chapter 14. Selection of pathway markers for cancer using collaborative multi-swarm optimization ; Chapter 15. Applying Bayesian networks in the early diagnosis of bulimia and anorexia nervosa in adolescents ; Chapter 16. - Image processing including medical liver imaging.</subfield>
  </datafield>
  <datafield tag="520" ind1="3" ind2=" ">
    <subfield code="a">"This book explores the latest developments in Bioinformatics and Health Informatics but to also put emphasis on increasing awareness of all stakeholders of the importance to move from a data management organizational culture to a learning organization culture. It explores the biological relevance of genomic and proteomic discoveries and related specific gene expression to achieve targeted therapy"--Provided by publisher.</subfield>
  </datafield>
  <datafield tag="530" ind1=" " ind2=" ">
    <subfield code="a">Also available in print.</subfield>
  </datafield>
  <datafield tag="538" ind1=" " ind2=" ">
    <subfield code="a">Mode of access: World Wide Web.</subfield>
  </datafield>
  <datafield tag="650" ind1=" " ind2="0">
    <subfield code="a">Bioinformatics.</subfield>
  </datafield>
  <datafield tag="650" ind1=" " ind2="0">
    <subfield code="a">Computational biology.</subfield>
  </datafield>
  <datafield tag="650" ind1="1" ind2="2">
    <subfield code="a">Databases, Factual</subfield>
  </datafield>
  <datafield tag="650" ind1="1" ind2="2">
    <subfield code="a">Computational Biology</subfield>
  </datafield>
  <datafield tag="650" ind1="2" ind2="2">
    <subfield code="a">Medical Records Systems, Computerized</subfield>
  </datafield>
  <datafield tag="650" ind1="2" ind2="2">
    <subfield code="a">Organizational Culture</subfield>
  </datafield>
  <datafield tag="776" ind1=" " ind2=" ">
    <subfield code="z">1-5225-2607-2</subfield>
  </datafield>
  <datafield tag="700" ind1="1" ind2=" ">
    <subfield code="a">Lytras, Miltiadis D.,</subfield>
    <subfield code="d">1973-</subfield>
    <subfield code="e">editor.</subfield>
  </datafield>
  <datafield tag="700" ind1="1" ind2=" ">
    <subfield code="a">Papadopoulou, Paraskevi,</subfield>
    <subfield code="d">1961-</subfield>
    <subfield code="e">editor.</subfield>
  </datafield>
  <datafield tag="830" ind1=" " ind2="0">
    <subfield code="a">Advances in bioinformatics and biomedical engineering book series.</subfield>
  </datafield>
  <datafield tag="906" ind1=" " ind2=" ">
    <subfield code="a">BOOK</subfield>
  </datafield>
  <datafield tag="MBD" ind1=" " ind2=" ">
    <subfield code="M">49HBZ_NETWORK</subfield>
    <subfield code="i">99371910920106441</subfield>
    <subfield code="n">HBZ Network</subfield>
  </datafield>
  <datafield tag="MBD" ind1=" " ind2=" ">
    <subfield code="M">49HBZ_FHM</subfield>
    <subfield code="i">991006453972906485</subfield>
    <subfield code="n">FH / KA Münster</subfield>
  </datafield>
  <datafield tag="MBD" ind1=" " ind2=" ">
    <subfield code="M">49HBZ_UBK</subfield>
    <subfield code="i">991055716728306476</subfield>
    <subfield code="n">Universität Köln</subfield>
  </datafield>
  <datafield tag="MNG" ind1=" " ind2=" ">
    <subfield code="c">System</subfield>
    <subfield code="f">EBC</subfield>
    <subfield code="i">marc21</subfield>
    <subfield code="l">98</subfield>
    <subfield code="e">false</subfield>
    <subfield code="d">2024-07-27 07:24:04 Europe/Berlin</subfield>
    <subfield code="g">993820000000032048</subfield>
    <subfield code="a">CKB</subfield>
    <subfield code="b">2023-02-09 18:03:11 Europe/Berlin</subfield>
  </datafield>
  <datafield tag="POR" ind1=" " ind2=" ">
    <subfield code="j">IGI Global</subfield>
    <subfield code="x">System</subfield>
    <subfield code="a">5352466590006485</subfield>
    <subfield code="h">DEFAULT</subfield>
    <subfield code="M">49HBZ_FHM</subfield>
    <subfield code="p">6151668310006485</subfield>
    <subfield code="q">IGI Global InfoSci-Books</subfield>
    <subfield code="c">param</subfield>
    <subfield code="o">611000000000002255</subfield>
    <subfield code="y">2023-02-09 16:30:56 Europe/Berlin</subfield>
    <subfield code="w">2023-02-09 16:30:56 Europe/Berlin</subfield>
    <subfield code="D">https://eu04.alma.exlibrisgroup.com/view/uresolver/49HBZ_NETWORK/openurl?u.ignore_date_coverage=true&amp;portfolio_pid=5352466590006485&amp;Force_direct=true</subfield>
    <subfield code="v">System</subfield>
    <subfield code="z">2023-02-09 15:30:56</subfield>
    <subfield code="i">true</subfield>
    <subfield code="t">POL-2023-4259</subfield>
    <subfield code="S">6251668300006485</subfield>
    <subfield code="d">https://hbz-network.userservices.exlibrisgroup.com/view/uresolver/49HBZ_NETWORK/openurl?u.ignore_date_coverage=true&amp;rft.mms_id=991006453972906485</subfield>
    <subfield code="b">Available</subfield>
    <subfield code="f">BOOK</subfield>
    <subfield code="8">5352466590006485</subfield>
  </datafield>
  <datafield tag="POR" ind1=" " ind2=" ">
    <subfield code="j">IGI Global</subfield>
    <subfield code="x">System</subfield>
    <subfield code="a">53363409470006476</subfield>
    <subfield code="M">49HBZ_UBK</subfield>
    <subfield code="p">61363319410006476</subfield>
    <subfield code="q">IGI Global K 2016-2021</subfield>
    <subfield code="c">param</subfield>
    <subfield code="B">IGI Global Information Science &amp; Technology E-Books (IS&amp;T); Kauf Copyright Years 2016-2021
Re XXX</subfield>
    <subfield code="o">611000000000002255</subfield>
    <subfield code="y">2024-06-20 12:07:51 Europe/Berlin</subfield>
    <subfield code="w">2024-06-20 12:06:51 Europe/Berlin</subfield>
    <subfield code="D">https://eu04.alma.exlibrisgroup.com/view/uresolver/49HBZ_NETWORK/openurl?u.ignore_date_coverage=true&amp;portfolio_pid=53363409470006476&amp;Force_direct=true</subfield>
    <subfield code="v">System</subfield>
    <subfield code="z">2024-06-20 10:06:51</subfield>
    <subfield code="i">false</subfield>
    <subfield code="g">38</subfield>
    <subfield code="S">62363319400006476</subfield>
    <subfield code="d">https://hbz-network.userservices.exlibrisgroup.com/view/uresolver/49HBZ_NETWORK/openurl?u.ignore_date_coverage=true&amp;rft.mms_id=991055716728306476</subfield>
    <subfield code="b">Available</subfield>
    <subfield code="f">BOOK</subfield>
    <subfield code="8">53363409470006476</subfield>
  </datafield>
</record>
